@article{bo2017feasibility,
  title={Feasibility analysis of passing performance in football match by social network analysis},
  author={Bo, LI and Lei, Wang and School of, PE},
  journal={Journal of Beijing Sport University},
  volume={40},
  number={8},
  pages={112--119},
  year={2017}
}